@article{afm,
AUTHOR={M.J. Ablowitz and A.S. Fokas and Z.H. Musslimani},
TITLE={On a new non-local formulation of water waves},
JOURNAL={J. Fluid Mech.},
VOLUME={562},
PAGES={313--343},
YEAR=2006
}

@article{baker,
AUTHOR={G. R. Baker and D. I. Meiron anbd S.A. Orszag},
TITLE={Generalized vortex methods for free-surface flow problems},
JOURNAL={J. Fluid. Mech.},
VOLUME={123,},
PAGES={477--501},
YEAR=1982
}

@article{beale,
AUTHOR={J.T. Beale and A. Majda},
TITLE={High order accurate vortex methods with explicit velocity kernels},
JOURNAL={J. Comp. Phys.},
VOLUME={58},
PAGES={188--208},
YEAR=1985
}

@article{chen,
AUTHOR={Q. Chen and J.T. Kirby and R.A. Dalrymple and F. Shi and },
TITLE={Boussinesq modeling of longshore currents},
JOURNAL = {J. Geophys. Res.},
VOLUME={108},
PAGES={26--43},
YEAR=2003
}

@book{constantin,
AUTHOR={A. Constantin},
TITLE={Nonlinear Water Waves with Applications to Wave-Current Interactions and Tsunamis},
PUBLISHER={SIAM},
ADDRESS={Philadelphia},
YEAR=2011
}

@book{cottet,
AUTHOR={G.H. Cottet and P.D. Koumoutsakos},
TITLE={Vortex Methods: Theory and Practice},
PUBLISHER={Cambridge University Press},
ADDRESS={Cambridge},
YEAR=2000
}

@article{cottet2,
AUTHOR={G.H. Cottet},
TITLE={A new approach for the analysis of vortex methods in 2 and 3 dimensions},
JOURNAL ={Ann. Inst. Henri Poincar\'{e}},
VOLUME={5},
PAGES={227--285},
YEAR=1988
}

@article{craig,
AUTHOR={W. Craig and C. Sulem},
TITLE={Numerical Simulation of Gravity Waves},
JOURNAL={J. Comput. Phys.},
VOLUME={108},
PAGES={73--83},
YEAR=1993
}

@article{craik2,
AUTHOR={A.D.D. Craik},
TITLE={The generalized {L}agrangian-mean equations and hydrodynamic stability},
JOURNAL={J. Fluid Mech.},
VOLUME={125},
PAGES={27--35},
YEAR=1982
}

@article{craik3,
AUTHOR={A.D.D. Craik},
TITLE={Wave-induced longitudinal-vortex instability in shear flows},
JOURNAL={J. Fluid Mech.},
VOLUME={125},
PAGES={37--52},
YEAR=1982
}

@article{crosby,
AUTHOR={A. Crosby and E.R. Johnson and P.J. Morrison},
TITLE={Deformation of Vortex Patches by Boundaries},
JOURNAL={Phys. of Fluids,},
VOLUME={25},
PAGES={023602},
YEAR=2013
}

@article{curtis,
AUTHOR={C.W. Curtis and H. Kalisch},
TITLE={Vortex Dynamics in Free-Surface Flows},
JOURNAL={Phys. Fluids},
VOLUME={29},
PAGES={032101},
YEAR=2017
}

@article{dasilva,
AUTHOR={A.F. Teles da Silva and D.H. Peregrine},
TITLE={Steep, steady surface waves on wter of finite depth with constant vorticity},
JOURNAL={J. Fluid Mech.},
VOLUME={195},
PAGES={281--302},
YEAR=1988
}

@book{drazen,
AUTHOR={P. Drazin and W. Reid},
TITLE={Hydrodynamic Stability},
PUBLISHER={Cambridge University Press},
ADDRESS={Cambridge},
YEAR=1981
}

@article{fish,
AUTHOR={S. Fish},
TITLE={Vortex dynamics in the presence of free surface waves},
JOURNAL={Phys. Fluids A},
VOLUME={3},
PAGES={504--506},
YEAR=1991
}

@article{forbes,
AUTHOR={L.K. Forbes},
TITLE={On the effects of non-linearity in free-surface flow about a submerged point vortex},
JOURNAL={J. Eng. Math.},
VOLUME={19},
PAGES={139--155},
YEAR=1985
}

@article{fornberg,
AUTHOR={B. Fornberg and T.A. Driscoll},
TITLE={A Fast Spectral Algorithm for Nonlinear Wave Equations with Linear Dispersion},
JOURNAL={J. Comp. Phys.},
VOLUME={155},
PAGES={456--467},
YEAR=1999
}

@article{greengard,
AUTHOR={L. Greengard and V. Rokhlin},
TITLE={A fast algorithm for particle simulations},
JOURNAL={J. Comp. Phys.},
VOLUME={73},
PAGES={325--348},
YEAR=1987
}

@article{guyenne,
AUTHOR={P. Guyenne and D.P. Nicholls},
TITLE={A high-order spectral method for nonlinear water waves over moving bottom topography},
JOURNAL={SIAM J. Sci. Comput.},
VOLUME={30},
PAGES={81--101},
YEAR=2007
}

@book{holthuijsen,
AUTHOR={L.H. Holthuijsen},
TITLE={Waves in Oceanic and Coastal Waters},
PUBLISHER={Cambridge University Press},
ADDRESS={Cambridge},
YEAR=2007
}

@article{kalisch,
AUTHOR={H. Borluk and H. Kalisch},
TITLE={Particle dynamics in the {K}d{V} approximation},
JOURNAL={Wave Motion},
VOLUME={49},
PAGES={691--709},
YEAR=2012
}

@article{kalisch2,
AUTHOR={S. Gavrilyuk and H. Kalisch and Z. Khorsand},
TITLE={A kinematic conservation law in free surface flow},
JOURNAL={Nonlinearity},
VOLUME={28},
PAGES={1805--1821},
YEAR=2015
}

@article{koumoutsakos,
AUTHOR={P. Koumoutsakos and A. Leonard},
TITLE={High-resolution simulations of the flow around an impulsively started cylinder using vortex methods},
JOURNAL={J. Fluid Mech.},
VOLUME={296},
PAGES={1--38},
YEAR=1995
}

@article{koumoutsakos2,
AUTHOR={P. Koumoutsakos},
TITLE={Invisicd Axisymmetrization of an Elliptical Vortex},
JOURNAL={J. Comp. Phys.},
VOLUME={138},
PAGES={821--857},
YEAR=1997
}

@article{koumoutsakos3,
AUTHOR={P. Koumoutsakos},
TITLE={Multiscale Flow Simulations Using Particles},
JOURNAL={Ann. Rev. Fluid Mech.},
VOLUME={37},
PAGES={457--487},
YEAR=2005
}

@article{koumoutsakos4,
AUTHOR={W.M. van Rees and A. Leonard and D.I. Pullin and P. Koumoutsakos},
TITLE={A comparison of vortex and pseudo-spectral methods for the simulation of periodic vorical flows at high {R}eynolds numbers},
JOURNAL={J. Comp. Phys.},
VOLUME={230},
PAGES={2794--2805},
YEAR=2011
}

@article{krasny,
AUTHOR={R. Krasny},
TITLE={Vortex Sheet Computations: Roll-Up, Waves, Separation},
JOURNAL={Lec. Appl. Math.},
VOLUME={28},
PAGES={385--402},
YEAR=1991
}

@book{kundu,
AUTHOR={P.K. Kundu and I.M. Cohen and D.R. Dowling},
TITLE={Fluid Mechanics},
PUBLISHER={Elsevier},
ADDRESS={New York, N.Y.},
EDITION=5,
YEAR={2012}
}

@book{lamb,
AUTHOR={H. Lamb},
TITLE={Hydrodynamics},
PUBLISHER={Dover},
ADDRESS={New York, N.Y.},
YEAR=1945
}

@Article{Lannes2014_1,
	author={A. Castro and D. Lannes},
	title={Well-Posedness and shallow-water stability for a new {H}amiltonian formulation of the water waves equations with vorticity},
	journal={Indiana Univ. Math. J.},
	year=2014,
	volume={64},
	pages={1169--1270},
	}

	@Article{Lannes2014_2,
	author={A. Castro and D. Lannes},
	title={Fully nonlinear long-wave models in the presence of vorticity},
	journal={J. Fluid Mech.},
	year=2014,
	volume={759},
	pages={642--675},
	}

@article{Lannes2016_1,
AUTHOR={D. Lannes and F. Marche},
TITLE={Nonlinear Wave-Current Interactions in Shallow Water},
JOURNAL={Stud. Appl. Math.},
VOLUME={136},
PAGES={382--423},
YEAR=2016
}

@article{lin,
AUTHOR={C. Lin and T.C. Ho and S.C. Chang and S.C. Hsieh and K.A. Chang},
TITLE={Vortex shedding induced by a solitary wave propagating over a submerged vertical plate},
JOURNAL={Int. J. Heat and Fluid Flow},
VOLUME={26},
PAGES={894--904},
YEAR=2005
}

@article{liu1,
AUTHOR={K.A. Chang and T.J. Hsu and P.L.F. Liu},
TITLE={Vortex generation and evolution in water waves propagating over a submerged rectangular obstacle. {P}art {I}: Solitary Waves.},
JOURNAL={Coast. Eng.},
VOLUME={44},
PAGES={13--36},
YEAR=2001
}

@article{liu2,
AUTHOR={K.A. Chang and T.J. Hsu and P.L.F. Liu},
TITLE={Vortex generation and evolution in water waves propagating over a submerged rectangular obstacle. {P}art {II}: Cnoidal Waves.},
JOURNAL={Coast. Eng.},
VOLUME={52},
PAGES={257--283},
YEAR=2005
}

@book{majda,
AUTHOR={A.J. Majda and A.L. Bertozzi},
TITLE={Vorticity and Incompressible Flow},
PUBLISHER={Cambridge University Press},
ADDRESS={Cambridge},
YEAR=2002
}

@article{marcus,
AUTHOR={D.L. Marcus and S.A. Berger},
TITLE={The interaction between a counter-rotating vortex pair in vertical ascent and a free surface},
JOURNAL={Phys. Fluids A},
VOLUME={1},
PAGES={1988--2000},
YEAR=1989
}

@article{mitchell,
AUTHOR={T.B. Mitchell and L.F. Rossi},
TITLE={The evolution of {K}irchoff elliptic vortices},
JOURNAL={Phys. of Fluids},
VOLUME={20},
PAGES={054103},
YEAR=2008
}

@article{nachbin,
AUTHOR={A. Nachbin and R. Ribeiro-Junior},
TITLE={A boundary integral formulation for particle trajectories in {S}tokes waves},
JOURNAL={Discrete Contin. Dyn. Syst. Ser. B},
VOLUME={34},
PAGES={3135--3153},
YEAR=2014
}

@article{nicholls,
AUTHOR={D.P. Nicholls and F. Reitich},
TITLE={Stability of High-Order Perturbative Methods for the Computation of {D}irichlet-{N}eumann operators},
JOURNAL={J. Comp. Phys.},
VOLUME={170},
PAGES={276--298},
YEAR=2001
}

@article{nwogu1,
AUTHOR={O. Nwogu},
TITLE={Alternative form of {B}oussinesq equations for nearshore wave propagation},
JOURNAL={J. Waterw. Port Coastal Eng.},
VOLUME={119},
PAGES={618-638},
YEAR=1993
}

@article{nwogu2,
AUTHOR={O. Nwogu},
TITLE={Interaction of finite-amplitude waves with vertically sheared current fields},
JOURNAL={J. Fluid Mech.},
VOLUME={627},
PAGES={179--213},
YEAR=2009
}

@article{phillips1,
AUTHOR={W.R.C. Phillips},
TITLE={On the spacing of {L}angmuir circulation in strong shear},
JOURNAL={J. Fluid Mech.},
VOLUME={525},
PAGES={215--236},
YEAR=2005
}

@article{pullin1,
AUTHOR={D.I. Pullin and R. Grimshaw},
TITLE={Nonlinear interfacial progressive waves near a boundary in a {B}oussinesq fluid},
JOURNAL={Phys. Fluid.},
VOLUME={26},
PAGES={897},
YEAR=1983
}

@article{ruban,
AUTHOR={E.A. Kuznetsov and V.P. Ruban},
TITLE={Cherenkov interaction of vortices with a free surface},
JOURNAL={JETP},
VOLUME={88},
PAGES={492--505},
YEAR=1999
}

@article{rouhi,
AUTHOR={A. Rouhi and J. Wright},
TITLE={Hamiltonian formulation for the motion of vortices in the presence of a free surface for ideal flow},
JOURNAL={Phys. Rev. E},
VOLUME={48},
PAGES={1850--1865},
YEAR=1993
}

@article{simmen,
AUTHOR={J.A. Simmen and P.G. Saffman},
TITLE={Steady deep-water waves on a linear shear current},
JOURNAL={Stud. Appl. Math.},
VOLUME={75},
PAGES={35--57},
YEAR=1985
}

@article{telste,
AUTHOR={J. G. Telste},
TITLE={Potential flow about two counter-rotating vortices approaching a free surface},
JOURNAL={J. Fluid Mech.},
VOLUME={201},
PAGES={259--278},
YEAR=1989
}

@article{tryggvason,
AUTHOR={W.W. Willmarth and G. Tryggvason and A. Hirsa and D. Yu},
TITLE={Vortex pair generation and interaction with a free surface},
JOURNAL={Phys. Fluids A},
VOLUME={1},
PAGES={170--172},
YEAR=1989
}

@article{tyvand1,
AUTHOR={P.A. Tyvand},
TITLE={On the interaction between a strong vortex pair and a free surface},
JOURNAL={Phys. Fluids A},
VOLUME={2},
PAGES={1624--1634},
YEAR=1990
}

@article{tyvand2,
AUTHOR={P.A. Tyvand},
TITLE={Motion of a vortex near a free surface},
JOURNAL={J. Fluid Mech.},
VOLUME={225},
PAGES={673--686},
YEAR=1991
}

@article{walsh,
AUTHOR={J. Shatah and S. Walsh and  C. Zeng},
TITLE={Travelling water waves with compactly supported vorticity},
JOURNAL={Nonlinearity},
VOLUME={26},
PAGES={1529--1564},
YEAR=2013
}

@inproceedings{wilkening,
AUTHOR={J. Wilkening and V. Vasan},
TITLE={Comparison of five methods of computing the {D}irichlet--{N}eumann operator for the water wave problem},
BOOKTITLE={Nonlinear Wave Equations: Analytic and Computational Techniques},
PUBLISHER={AMS},
YEAR=2015
}

@book{saffman,
AUTHOR={P.G. Saffman},
TITLE={Vortex Dynamics},
PUBLISHER={Cambridge University Press},
ADDRESS={Cambridge},
YEAR=1992
}

@article{zakharov,
	AUTHOR={V.E. Zakharov},
	TITLE={Stability of periodic waves of finite amplitude on the surface of a deep fluid},
	JOURNAL = {Zhurnal Prikladnoi Mechaniki i Teckhnicheskoi Fiziki},
	VOLUME={8},
	PAGES={86--94},
	YEAR=1968
	}

@article{zhang,
AUTHOR={Y. Zhang and A.B. Kennedy and N. Panda and C. Dawson and J.J. Westerink},
TITLE={Boussinesq-{G}reen-{N}aghdi rotational water wave theory},
JOURNAL={Coastal Eng.},
VOLUME={73},
PAGES={13--27},
YEAR=2013
}